
\bibliographystyle{./IEEEtran}
\bibliography{./IEEEabrv,./DB}

@misc{singer2009wired,
  title={Wired for war: The robotics revolution and conflict in the twenty-first century},
  author={Singer, Peter W},
  year={2009},
  publisher={New York, NY: Penguin Books}
}
@article{thring1984robot,
  title={A robot in the house},
  author={Thring, MW},
  journal={The world in},
  year={1984}
}
@article{oudshoorn2008diagnosis,
  title={Diagnosis at a distance: the invisible work of patients and healthcare professionals in cardiac telemonitoring technology},
  author={Oudshoorn, Nelly},
  journal={Sociology of health \& illness},
  volume={30},
  number={2},
  pages={272--288},
  year={2008},
  publisher={Wiley Online Library}

@article{sharkey2012granny,
  title={Granny and the robots: ethical issues in robot care for the elderly},
  author={Sharkey, Amanda and Sharkey, Noel},
  journal={Ethics and information technology},
  volume={14},
  number={1},
  pages={27--40},
  year={2012},
  publisher={Springer}
}


}

